@article{DGGW,
    title={Erratum to Asymptotic expansion of the heat kernel for
   orbifolds}, volume={66}, DOI={10.1307/mmj/1488510034},
   number={1}, journal={The Michigan Mathematical Journal},
   author={Dryden, Emily B. and Gordon, Carolyn S. and Greenwald,
   Sarah J. and Webb, David L.}, year={2017},
   pages={221â€“222}} 

@book{SOT,
  title={The Symmetries of Things},
  author={Conway, J.H. and Burgiel, H. and Goodman-Strauss, C.},
  isbn={9781568812205},
  lccn={2007046446},
  series={Ak Peters Series},
  url={https://books.google.com/books?id=EtQCk0TNafsC},
  year={2008},
  publisher={Taylor \& Francis}
}

@article{Kac,
 ISSN = {00029890, 19300972},
 URL = {http://www.jstor.org/stable/2313748},
 author = {Mark Kac},
 journal = {The American Mathematical Monthly},
 number = {4},
 pages = {1--23},
 publisher = {Mathematical Association of America},
 title = {Can One Hear the Shape of a Drum?},
 volume = {73},
 year = {1966}
}

@article{platy,
author = {Horton Conway, John and Rossetti, Juan},
year = {2003},
month = {12},
pages = {},
title = {Describing the platycosms}
}

@inbook{gordon,
author = {Gordon, Carolyn},
year = {2012},
month = {01},
pages = {49-71},
title = {Orbifolds and their spectra},
doi = {10.1090/pspum/084/1348}
}

@article{donnely,
author="Donnelly, Harold",
title="Spectrum and the fixed point sets of isometries. I",
journal="Mathematische Annalen",
year="1976",
month="Apr",
day="01",
volume="224",
number="2",
pages="161--170",
issn="1432-1807",
doi="10.1007/BF01436198",
url="https://doi.org/10.1007/BF01436198"
}

Donnelly, H. Math. Ann. (1976) 224: 161. https://doi.org/10.1007/BF01436198 
}
