@preamble{
   "\def\cprime{$'$} "
}

@article {MR0420743,
    AUTHOR = {Donnelly, Harold},
     TITLE = {Spectrum and the fixed point sets of isometries. {I}},
   JOURNAL = {Math. Ann.},
  FJOURNAL = {Mathematische Annalen},
    VOLUME = {224},
      YEAR = {1976},
    NUMBER = {2},
     PAGES = {161--170},
      ISSN = {0025-5831},
   MRCLASS = {58G99},
  MRNUMBER = {0420743},
MRREVIEWER = {Shukichi Tanno},
       DOI = {10.1007/BF01436198},
       URL = {https://doi.org/10.1007/BF01436198},
}

@article {MR0433513,
    AUTHOR = {Donnelly, Harold and Patodi, V. K.},
     TITLE = {Spectrum and the fixed point sets of isometries. {II}},
   JOURNAL = {Topology},
  FJOURNAL = {Topology. An International Journal of Mathematics},
    VOLUME = {16},
      YEAR = {1977},
    NUMBER = {1},
     PAGES = {1--11},
      ISSN = {0040-9383},
   MRCLASS = {58G05 (58G10)},
  MRNUMBER = {0433513},
MRREVIEWER = {Shukichi Tanno},
       DOI = {10.1016/0040-9383(77)90027-1},
       URL = {https://doi.org/10.1016/0040-9383(77)90027-1},
}

@incollection {GNY,
    AUTHOR = {Grigor{\cprime}yan, A. and Netrusov, Y. and Yau,
              S.-T.},
     TITLE = {Eigenvalues of elliptic operators and geometric applications},
 BOOKTITLE = {Surveys in differential geometry. {V}ol. {IX}},
    SERIES = {Surv. Differ. Geom., IX},
     PAGES = {147--217},
 PUBLISHER = {Int. Press, Somerville, MA},
      YEAR = {2004},
   MRCLASS = {58J50 (31C12 31C25)},
  MRNUMBER = {2195408},
MRREVIEWER = {Alberto G. Setti},
       DOI = {10.4310/SDG.2004.v9.n1.a5},
       URL = {http://dx.doi.org/10.4310/SDG.2004.v9.n1.a5},
}
@article {Cro84,
    AUTHOR = {Croke, C.~B.},
     TITLE = {A sharp four-dimensional isoperimetric inequality},
   JOURNAL = {Comment. Math. Helv.},
  FJOURNAL = {Commentarii Mathematici Helvetici},
    VOLUME = {59},
      YEAR = {1984},
    NUMBER = {2},
     PAGES = {187--192},
      ISSN = {0010-2571},
     CODEN = {COMHAX},
   MRCLASS = {53C65 (52A40)},
  MRNUMBER = {749103},
MRREVIEWER = {R. Osserman},
       DOI = {10.1007/BF02566344},
       URL = {http://dx.doi.org/10.1007/BF02566344},
}
		
	

	@article {CM,
    AUTHOR = {Colbois, B. and Maerten, D.},
     TITLE = {Eigenvalues estimate for the {N}eumann problem of a bounded
              domain},
   JOURNAL = {J. Geom. Anal.},
  FJOURNAL = {Journal of Geometric Analysis},
    VOLUME = {18},
      YEAR = {2008},
    NUMBER = {4},
     PAGES = {1022--1032},
      ISSN = {1050-6926},
   MRCLASS = {35P15 (35J05 58J50)},
  MRNUMBER = {2438909},
MRREVIEWER = {Julian Edward},
       DOI = {10.1007/s12220-008-9041-z},
       URL = {http://dx.doi.org/10.1007/s12220-008-9041-z},
}
@article {Ko,
    AUTHOR = {Korevaar, N.},
     TITLE = {Upper bounds for eigenvalues of conformal metrics},
   JOURNAL = {J. Differential Geom.},
  FJOURNAL = {Journal of Differential Geometry},
    VOLUME = {37},
      YEAR = {1993},
    NUMBER = {1},
     PAGES = {73--93},
      ISSN = {0022-040X},
     CODEN = {JDGEAS},
   MRCLASS = {58G25 (53A30 58G30)},
  MRNUMBER = {1198600},
MRREVIEWER = {Jack Quine},
       URL = {http://projecteuclid.org/euclid.jdg/1214453423},
}
		
		

@proceedings {AMR,
     TITLE = {Orbifolds in mathematics and physics},
    SERIES = {Contemporary Mathematics},
    VOLUME = {310},
 BOOKTITLE = {Proceedings of the {C}onference on {M}athematical {A}spects of
              {O}rbifold {S}tring {T}heory held at the {U}niversity of
              {W}isconsin, {M}adison, {WI}, {M}ay 4--8, 2001},
    EDITOR = {Adem, Alejandro and Morava, Jack and Ruan, Yongbin},
 PUBLISHER = {American Mathematical Society, Providence, RI},
      YEAR = {2002},
     PAGES = {viii+358},
      ISBN = {0-8218-2990-4},
   MRCLASS = {00B25 (14-06)},
  MRNUMBER = {1950939},
       DOI = {10.1090/conm/310},
       URL = {http://dx.doi.org/10.1090/conm/310},
}
@article {HPS75,
    AUTHOR = {Hersch, J. and Payne, L. E. and Schiffer, M. M.},
     TITLE = {Some inequalities for {S}tekloff eigenvalues},
   JOURNAL = {Arch. Rational Mech. Anal.},
  FJOURNAL = {Archive for Rational Mechanics and Analysis},
    VOLUME = {57},
      YEAR = {1975},
     PAGES = {99--114},
      ISSN = {0003-9527},
   MRCLASS = {35P15 (49H05)},
  MRNUMBER = {0387837},
MRREVIEWER = {Robert D. Brown},
}
@book {Cha01,
    AUTHOR = {Chavel, I.},
     TITLE = {Isoperimetric inequalities},
    SERIES = {Cambridge Tracts in Mathematics},
    VOLUME = {145},
      NOTE = {Differential geometric and analytic perspectives},
 PUBLISHER = {Cambridge University Press, Cambridge},
      YEAR = {2001},
     PAGES = {xii+268},
      ISBN = {0-521-80267-9},
   MRCLASS = {58J35 (35B05 49Q15 53C20 58-02)},
  MRNUMBER = {1849187},
MRREVIEWER = {Thierry Coulhon},
}
@book {Ho,
    AUTHOR = {H{\"o}rmander, L.},
     TITLE = {The analysis of linear partial differential operators. {IV}},
    SERIES = {Grundlehren der Mathematischen Wissenschaften [Fundamental
              Principles of Mathematical Sciences]},
    VOLUME = {275},
      NOTE = {Fourier integral operators},
 PUBLISHER = {Springer-Verlag, Berlin},
      YEAR = {1985},
     PAGES = {vii+352},
      ISBN = {3-540-13829-3},
   MRCLASS = {35-02 (35Sxx 47G05 58G15)},
  MRNUMBER = {781537},
MRREVIEWER = {Min You Qi},
}
@article {jam11,
    AUTHOR = {Jammes, P.},
     TITLE = {Prescription de la multiplicit\'e des valeurs propres du
              laplacien de {H}odge--de {R}ham},
   JOURNAL = {Comment. Math. Helv.},
  FJOURNAL = {Commentarii Mathematici Helvetici. A Journal of the Swiss
              Mathematical Society},
    VOLUME = {86},
      YEAR = {2011},
    NUMBER = {4},
     PAGES = {967--984},
      ISSN = {0010-2571},
   MRCLASS = {58J50},
  MRNUMBER = {2851874},
MRREVIEWER = {Ahmad El Soufi},
       DOI = {10.4171/CMH/245},
       URL = {http://dx.doi.org/10.4171/CMH/245},
}		

@article {Cro80,
    AUTHOR = {Croke, C.~B.},
     TITLE = {Some isoperimetric inequalities and eigenvalue estimates},
   JOURNAL = {Ann. Sci. \'Ecole Norm. Sup. (4)},
  FJOURNAL = {Annales Scientifiques de l'\'Ecole Normale Sup\'erieure.
              Quatri\`eme S\'erie},
    VOLUME = {13},
      YEAR = {1980},
    NUMBER = {4},
     PAGES = {419--435},
      ISSN = {0012-9593},
     CODEN = {ASENAH},
   MRCLASS = {58G25 (35P15 49G05 53C65)},
  MRNUMBER = {608287},
MRREVIEWER = {A. G. Ramm},
       URL = {http://www.numdam.org/item?id=ASENS_1980_4_13_4_419_0},
}	

@book {ALR,
    AUTHOR = {Adem, A. and Leida, J. and Ruan, Y.},
     TITLE = {Orbifolds and stringy topology},
    SERIES = {Cambridge Tracts in Mathematics},
    VOLUME = {171},
 PUBLISHER = {Cambridge University Press, Cambridge},
      YEAR = {2007},
     PAGES = {xii+149},
      ISBN = {978-0-521-87004-7; 0-521-87004-6},
   MRCLASS = {57R19 (19L64 55N35)},
  MRNUMBER = {2359514},
MRREVIEWER = {Yunfeng Jiang},
       DOI = {10.1017/CBO9780511543081},
       URL = {http://dx.doi.org/10.1017/CBO9780511543081},
}
@article {Bz,
    AUTHOR = {Borzellino, J. E.},
     TITLE = {Orbifolds of maximal diameter},
   JOURNAL = {Indiana Univ. Math. J.},
  FJOURNAL = {Indiana University Mathematics Journal},
    VOLUME = {42},
      YEAR = {1993},
    NUMBER = {1},
     PAGES = {37--53},
      ISSN = {0022-2518},
     CODEN = {IUMJAB},
   MRCLASS = {53C20 (53C23)},
  MRNUMBER = {1218706},
       DOI = {10.1512/iumj.1993.42.42004},
       URL = {http://dx.doi.org/10.1512/iumj.1993.42.42004},
}
@article {Abr98,
    AUTHOR = {Abreu, M.},
     TITLE = {K\"ahler geometry of toric varieties and extremal metrics},
   JOURNAL = {Internat. J. Math.},
  FJOURNAL = {International Journal of Mathematics},
    VOLUME = {9},
      YEAR = {1998},
    NUMBER = {6},
     PAGES = {641--651},
      ISSN = {0129-167X},
   MRCLASS = {58E11 (14M25 53C25 53C55 58F05)},
  MRNUMBER = {1644291},
MRREVIEWER = {Hansj{\"o}rg Geiges},
       DOI = {10.1142/S0129167X98000282},
       URL = {http://dx.doi.org/10.1142/S0129167X98000282},
}

@book {CHK,
    AUTHOR = {Cooper, D. and Hodgson, C.~D. and Kerckhoff, S.~P.},
     TITLE = {Three-dimensional orbifolds and cone-manifolds},
    SERIES = {MSJ Memoirs},
    VOLUME = {5},
      NOTE = {With a postface by Sadayoshi Kojima},
 PUBLISHER = {Mathematical Society of Japan, Tokyo},
      YEAR = {2000},
     PAGES = {x+170},
      ISBN = {4-931469-05-1},
   MRCLASS = {57M50 (57N10)},
  MRNUMBER = {1778789},
MRREVIEWER = {Danny C. Calegari},
}

@article {PeterScott,
    AUTHOR = {Scott, P.},
     TITLE = {The geometries of {$3$}-manifolds},
   JOURNAL = {Bull. London Math. Soc.},
  FJOURNAL = {The Bulletin of the London Mathematical Society},
    VOLUME = {15},
      YEAR = {1983},
    NUMBER = {5},
     PAGES = {401--487},
      ISSN = {0024-6093},
     CODEN = {LMSBBT},
   MRCLASS = {57N10 (22E10 53C20)},
  MRNUMBER = {705527},
MRREVIEWER = {John Hempel},
       DOI = {10.1112/blms/15.5.401},
       URL = {http://dx.doi.org/10.1112/blms/15.5.401},
}

@article{perry,
    AUTHOR = {Perry, P}
    TITLE = {Inverse Spectral Problems in Riemannian Geometry}
    YEAR = {2011}
    URL = {http://www.ms.uky.edu/~hislop/papers/perry1.pdf}
}

				
@phdthesis{HTh,
  author  = {Hassannezhad, A}, 
  title  = {Bornes sup\'rieures pour les valeurs propres des op\'erateurs
naturels sur des vari\'et\'es riemannienes compactes},
  year   = {2012},
  note  = { \href{http://doc.rero.ch/record/30550/files/00002282.pdf}{http://doc.rero.ch/record/30550/files/00002282.pdf}, Text mostly in English.},
}

@misc{Bu,
author={Bucicovschi, B.},
title={Seeley's theory of pseudodifferential operators on orbifolds},
year={1999},
note={arXiv:math/9912228},
}

@book {pet16,
    AUTHOR = {Petersen, P.},
     TITLE = {Riemannian geometry},
    SERIES = {Graduate Texts in Mathematics},
    VOLUME = {171},
   EDITION = {Third},
 PUBLISHER = {Springer, Cham},
      YEAR = {2016},
     PAGES = {xviii+499},
      ISBN = {978-3-319-26652-7; 978-3-319-26654-1},
   MRCLASS = {53-01 (53C20 53C21 53C23)},
  MRNUMBER = {3469435},
       DOI = {10.1007/978-3-319-26654-1},
       URL = {http://dx.doi.org/10.1007/978-3-319-26654-1},
}
@book {CK,
    AUTHOR = {Chow, B. and Knopf, D.},
     TITLE = {The {R}icci flow: an introduction},
    SERIES = {Mathematical Surveys and Monographs},
    VOLUME = {110},
 PUBLISHER = {American Mathematical Society, Providence, RI},
      YEAR = {2004},
     PAGES = {xii+325},
      ISBN = {0-8218-3515-7},
   MRCLASS = {53C44 (35K60 53C21)},
  MRNUMBER = {2061425},
MRREVIEWER = {John Urbas},
       DOI = {10.1090/surv/110},
       URL = {http://dx.doi.org/10.1090/surv/110},
}

@article {DGGW,
    AUTHOR = {Dryden, E.~B. and Gordon, C.~S. and Greenwald, S.~J. and Webb, D.~L.},
   TITLE = {Asymptotic expansion of the heat kernel for orbifolds},
   JOURNAL = {Michigan Math. J.},
  FJOURNAL = {Michigan Mathematical Journal},
    VOLUME = {56},
      YEAR = {2008},
    NUMBER = {1},
     PAGES = {205--238},
      ISSN = {0026-2285},
   MRCLASS = {58J37 (58J35 58J50 58J53)},
  MRNUMBER = {2433665},
MRREVIEWER = {Alexander Strohmaier},
       DOI = {10.1307/mmj/1213972406},
       URL = {http://dx.doi.org/10.1307/mmj/1213972406},
}

@article {GP10,
    AUTHOR = {Girouard, A. and Polterovich, I.},
     TITLE = {On the {H}ersch-{P}ayne-{S}chiffer estimates for the
              eigenvalues of the {S}teklov problem},
   JOURNAL = {Funktsional. Anal. i Prilozhen.},
  FJOURNAL = {Rossi\u\i skaya Akademiya Nauk. Funktsional\cprime ny\u\i\
              Analiz i ego Prilozheniya},
    VOLUME = {44},
      YEAR = {2010},
    NUMBER = {2},
     PAGES = {33--47},
      ISSN = {0374-1990},
   MRCLASS = {35P05 (49R05)},
  MRNUMBER = {2681956},
MRREVIEWER = {Yu. V. Egorov},
       DOI = {10.1007/s10688-010-0014-1},
       URL = {http://dx.doi.org/10.1007/s10688-010-0014-1},
}
		
@misc{GP,
author={Girouard, A. and  Polterovich, I.},
title={Spectral geometry of the Steklov problem},
note={J. Spectral Theory, to appear },
}
@article {GN1,
    AUTHOR = {Girbau, J. and Nicolau, M.},
     TITLE = {Pseudodifferential operators on {$V$}-manifolds and
              foliations. {I}},
   JOURNAL = {Collect. Math.},
  FJOURNAL = {Consejo Superior de Investigaciones Cient\'\i ficas.
              Universidad de Barcelona. Collectanea Mathematica. Seminario
              Matem\'atico de Barcelona},
    VOLUME = {30},
      YEAR = {1979},
    NUMBER = {3},
     PAGES = {247--265},
      ISSN = {0010-0757},
     CODEN = {COLMBA},
   MRCLASS = {58G15},
  MRNUMBER = {604435},
MRREVIEWER = {Tetsuro Kawasaki},
}
@article {GN2,
    AUTHOR = {Girbau, J. and Nicolau, M.},
     TITLE = {Pseudodifferential operators on {$V$}-manifolds and
              foliations. {II}},
   JOURNAL = {Collect. Math.},
  FJOURNAL = {Consejo Superior de Investigaciones Cient\'\i ficas.
              Universidad de Barcelona. Collectanea Mathematica. Seminario
              Matem\'atico de Barcelona},
    VOLUME = {31},
      YEAR = {1980},
    NUMBER = {1},
     PAGES = {63--95},
      ISSN = {0010-0757},
     CODEN = {COLMBA},
   MRCLASS = {58G15},
  MRNUMBER = {601476},
MRREVIEWER = {Tetsuro Kawasaki},
}

@article {GH,
    AUTHOR = {Guruprasad, K. and Haefliger, A.},
     TITLE = {Closed geodesics on orbifolds},
   JOURNAL = {Topology},
  FJOURNAL = {Topology. An International Journal of Mathematics},
    VOLUME = {45},
      YEAR = {2006},
    NUMBER = {3},
     PAGES = {611--641},
      ISSN = {0040-9383},
     CODEN = {TPLGAF},
   MRCLASS = {53C22 (55P35 57R35)},
  MRNUMBER = {2218759},
MRREVIEWER = {David E. Hurtubise},
       DOI = {10.1016/j.top.2006.01.004},
       URL = {http://dx.doi.org/10.1016/j.top.2006.01.004},
}

@article {BM82,
    AUTHOR = {B{\'e}rard, P. and Meyer, D.},
     TITLE = {In\'egalit\'es isop\'erim\'etriques et applications},
   JOURNAL = {Ann. Sci. \'Ecole Norm. Sup. (4)},
  FJOURNAL = {Annales Scientifiques de l'\'Ecole Normale Sup\'erieure.
              Quatri\`eme S\'erie},
    VOLUME = {15},
      YEAR = {1982},
    NUMBER = {3},
     PAGES = {513--541},
      ISSN = {0012-9593},
     CODEN = {ASENAH},
   MRCLASS = {58G25 (35P15 52A40 53C20 58G30)},
  MRNUMBER = {690651},
MRREVIEWER = {J. Peetre},
       URL = {http://www.numdam.org/item?id=ASENS_1982_4_15_3_513_0},
}
	
@article {K.et.al,
    AUTHOR = {Kuznetsov, N. and Kulczycki, T. and Kwa{\'s}nicki,
              M. and Nazarov, A. and Poborchi, S. and
              Polterovich, I. and Siudeja, B.},
     TITLE = {The legacy of {V}ladimir {A}ndreevich {S}teklov},
   JOURNAL = {Notices Amer. Math. Soc.},
  FJOURNAL = {Notices of the American Mathematical Society},
    VOLUME = {61},
      YEAR = {2014},
    NUMBER = {1},
     PAGES = {9--22},
      ISSN = {0002-9920},
   MRCLASS = {01A70},
  MRNUMBER = {3137253},
       DOI = {10.1090/noti1073},
       URL = {http://dx.doi.org/10.1090/noti1073},
}

@article {Kawasaki,
    AUTHOR = {Kawasaki, T.},
     TITLE = {The index of elliptic operators over $V$-manifolds},
   JOURNAL = {Nagoya Math. J.},
  FJOURNAL = {Nagoya Mathematics Journal},
    VOLUME = {84},
      YEAR = {1981},
     PAGES = {135-157},
}

@article {nak93,
    AUTHOR = {Nakagawa, Y.},
     TITLE = {An isoperimetric inequality for orbifolds},
   JOURNAL = {Osaka J. Math.},
  FJOURNAL = {Osaka Journal of Mathematics},
    VOLUME = {30},
      YEAR = {1993},
    NUMBER = {4},
     PAGES = {733--739},
      ISSN = {0030-6126},
     CODEN = {OJMAA7},
   MRCLASS = {53C21 (53C20 53C25)},
  MRNUMBER = {1250779},
MRREVIEWER = {Yuan-Jen Chiang},
       URL = {http://projecteuclid.org/euclid.ojm/1200784731},
}

@article {SU,
    AUTHOR = {Stanhope, E. and Uribe, A.},
     TITLE = {The spectral function of a {R}iemannian orbifold},
   JOURNAL = {Ann. Global Anal. Geom.},
  FJOURNAL = {Annals of Global Analysis and Geometry},
    VOLUME = {40},
      YEAR = {2011},
    NUMBER = {1},
     PAGES = {47--65},
      ISSN = {0232-704X},
     CODEN = {AGAGDV},
   MRCLASS = {58J50 (35P20 58J37 58J40)},
  MRNUMBER = {2795449},
MRREVIEWER = {Yuri A. Kordyukov},
       DOI = {10.1007/s10455-010-9244-y},
       URL = {http://dx.doi.org/10.1007/s10455-010-9244-y},
}
@incollection{gordon12,
    AUTHOR = {Gordon, C.~S.},
     TITLE = {Orbifolds and their spectra},
 BOOKTITLE = {Spectral geometry},
    SERIES = {Proc. Sympos. Pure Math.},
    VOLUME = {84},
     PAGES = {49--71},
 PUBLISHER = {Amer. Math. Soc., Providence, RI},
      YEAR = {2012},
   MRCLASS = {57-01 (57R18 58C40 58J50)},
  MRNUMBER = {2985309},
MRREVIEWER = {Kotik K. Lee},
       DOI = {10.1090/pspum/084/1348},
       URL = {http://dx.doi.org/10.1090/pspum/084/1348},
}

@misc{GHW,
author={Gordon, C.~S. and Herbrich, P. and Webb, D.~L.},
title={Steklov and {R}obin isospectral manifolds},
year={2016},
}

@article {GSz,
    AUTHOR = {Gordon, C.~S. and Szabo, Z.},
     TITLE = {Isospectral deformations of negatively curved {R}iemannian
              manifolds with boundary which are not locally isometric},
   JOURNAL = {Duke Math. J.},
  FJOURNAL = {Duke Mathematical Journal},
    VOLUME = {113},
      YEAR = {2002},
    NUMBER = {2},
     PAGES = {355--383},
      ISSN = {0012-7094},
     CODEN = {DUMJAO},
   MRCLASS = {58J53 (35P05 53C30)},
  MRNUMBER = {1909222},
MRREVIEWER = {Dorothee Schueth},
       DOI = {10.1215/S0012-7094-02-11326-X},
       URL = {http://dx.doi.org/10.1215/S0012-7094-02-11326-X},
}

@article {GR03,
    AUTHOR = {Gordon, C.~S. and Rossetti, J.~P.},
     TITLE = {Boundary volume and length spectra of {R}iemannian manifolds:
              what the middle degree {H}odge spectrum doesn't reveal},
   JOURNAL = {Ann. Inst. Fourier (Grenoble)},
  FJOURNAL = {Universit\'e de Grenoble. Annales de l'Institut Fourier},
    VOLUME = {53},
      YEAR = {2003},
    NUMBER = {7},
     PAGES = {2297--2314},
      ISSN = {0373-0956},
     CODEN = {AIFUA7},
   MRCLASS = {58J53},
  MRNUMBER = {2044174},
MRREVIEWER = {Dorothee Schueth},
       URL = {http://aif.cedram.org/item?id=AIF_2003__53_7_2297_0},
}

@article {G2001,
    AUTHOR = {Gordon, C.~S.},
     TITLE = {Isospectral deformations of metrics on spheres},
   JOURNAL = {Invent. Math.},
  FJOURNAL = {Inventiones Mathematicae},
    VOLUME = {145},
      YEAR = {2001},
    NUMBER = {2},
     PAGES = {317--331},
      ISSN = {0020-9910},
     CODEN = {INVMBH},
   MRCLASS = {58J53 (22E25)},
  MRNUMBER = {1872549},
MRREVIEWER = {Ruth Gornet},
       DOI = {10.1007/s002220100150},
       URL = {http://dx.doi.org/10.1007/s002220100150},
}



@article {GW,
    AUTHOR = {Gordon, C.~S. and Wilson, E.~N.},
     TITLE = {Continuous families of isospectral {R}iemannian metrics which
              are not locally isometric},
   JOURNAL = {J. Differential Geom.},
  FJOURNAL = {Journal of Differential Geometry},
    VOLUME = {47},
      YEAR = {1997},
    NUMBER = {3},
     PAGES = {504--529},
      ISSN = {0022-040X},
     CODEN = {JDGEAS},
   MRCLASS = {58G25},
  MRNUMBER = {1617640},
MRREVIEWER = {Dorothee Schueth},
       URL = {http://projecteuclid.org/euclid.jdg/1214460548},
}

@article {GWW,
    AUTHOR = {Gordon, C.~S. and Webb, D.~L. and Wolpert, S.},
     TITLE = {Isospectral plane domains and surfaces via {R}iemannian
              orbifolds},
   JOURNAL = {Invent. Math.},
  FJOURNAL = {Inventiones Mathematicae},
    VOLUME = {110},
      YEAR = {1992},
    NUMBER = {1},
     PAGES = {1--22},
      ISSN = {0020-9910},
     CODEN = {INVMBH},
   MRCLASS = {58G99},
  MRNUMBER = {1181812},
MRREVIEWER = {Robert Brooks},
       DOI = {10.1007/BF01231320},
       URL = {http://dx.doi.org/10.1007/BF01231320},
}

@incollection {Gsurvey,
    AUTHOR = {Gordon, C.~S.},
     TITLE = {Sunada's isospectrality technique: two decades later},
 BOOKTITLE = {Spectral analysis in geometry and number theory},
    SERIES = {Contemp. Math.},
    VOLUME = {484},
     PAGES = {45--58},
 PUBLISHER = {Amer. Math. Soc., Providence, RI},
      YEAR = {2009},
   MRCLASS = {58J53 (53C20)},
  MRNUMBER = {1500137},
MRREVIEWER = {Emily B. Dryden},
       DOI = {10.1090/conm/484/09464},
       URL = {http://dx.doi.org/10.1090/conm/484/09464}
}

@article {LU,
    AUTHOR = {Lee, J.~M. and Uhlmann, G.},
     TITLE = {Determining anisotropic real-analytic conductivities by
              boundary measurements},
   JOURNAL = {Comm. Pure Appl. Math.},
  FJOURNAL = {Communications on Pure and Applied Mathematics},
    VOLUME = {42},
      YEAR = {1989},
    NUMBER = {8},
     PAGES = {1097--1112},
      ISSN = {0010-3640},
     CODEN = {CPAMA},
   MRCLASS = {35R30 (58G15 78A30)},
  MRNUMBER = {1029119},
MRREVIEWER = {Gottfried Anger},
       DOI = {10.1002/cpa.3160420804},
       URL = {http://dx.doi.org/10.1002/cpa.3160420804},
}

@article {ChowWu,
    AUTHOR = {Chow, B.  and Wu, L-F.},
     TITLE = {The {R}icci flow on compact {$2$}-orbifolds with curvature
              negative somewhere},
   JOURNAL = {Comm. Pure Appl. Math.},
  FJOURNAL = {Communications on Pure and Applied Mathematics},
    VOLUME = {44},
      YEAR = {1991},
    NUMBER = {3},
     PAGES = {275--286},
      ISSN = {0010-3640},
     CODEN = {CPAMA},
   MRCLASS = {53C21 (58G11)},
  MRNUMBER = {1090433},
MRREVIEWER = {D. Sundararaman},
       DOI = {10.1002/cpa.3160440302},
       URL = {http://dx.doi.org/10.1002/cpa.3160440302},
}
		
		
@article {F,
    AUTHOR = {Farsi, C.},
     TITLE = {Orbifold spectral theory},
   JOURNAL = {Rocky Mountain J. Math.},
  FJOURNAL = {The Rocky Mountain Journal of Mathematics},
    VOLUME = {31},
      YEAR = {2001},
    NUMBER = {1},
     PAGES = {215--235},
      ISSN = {0035-7596},
     CODEN = {RMJMAE},
   MRCLASS = {58J50 (58J37)},
  MRNUMBER = {1821378},
MRREVIEWER = {Hiroshi Takai},
       DOI = {10.1216/rmjm/1008959678},
       URL = {http://dx.doi.org/10.1216/rmjm/1008959678},
}
@misc{Th,
author={Thurston, W.},
title={Geometry and Topology of Three-Manifolds},
year={2002},
note= {Lecture Notes, Electronic Version 1.1, http://library.msri.org/books/gt3m/} 
}

@article {GPPS,
    AUTHOR = {Girouard, A. and Parnovski, L. and Polterovich,
              I. and Sher, D.},
     TITLE = {The {S}teklov spectrum of surfaces: asymptotics and
              invariants},
   JOURNAL = {Math. Proc. Cambridge Philos. Soc.},
  FJOURNAL = {Mathematical Proceedings of the Cambridge Philosophical
              Society},
    VOLUME = {157},
      YEAR = {2014},
    NUMBER = {3},
     PAGES = {379--389},
      ISSN = {0305-0041},
   MRCLASS = {58J53 (35J05 35P20 35R01 58J37 58J40 58J50)},
  MRNUMBER = {3286514},
MRREVIEWER = {Jie Yang},
       DOI = {10.1017/S030500411400036X},
       URL = {http://dx.doi.org/10.1017/S030500411400036X},
}

@book {Gro99,
    AUTHOR = {Gromov, M.},
     TITLE = {Metric structures for {R}iemannian and non-{R}iemannian
              spaces},
    SERIES = {Progress in Mathematics},
    VOLUME = {152},
      NOTE = {Based on the 1981 French original [ MR0682063 (85e:53051)],
              With appendices by M. Katz, P. Pansu and S. Semmes,
              Translated from the French by Sean Michael Bates},
 PUBLISHER = {Birkh\"auser Boston, Inc., Boston, MA},
      YEAR = {1999},
     PAGES = {xx+585},
      ISBN = {0-8176-3898-9},
   MRCLASS = {53C23 (53-02)},
  MRNUMBER = {1699320},
MRREVIEWER = {Igor Belegradek},
}

@article {Schueth01,
    AUTHOR = {Schueth, D.},
     TITLE = {Isospectral metrics on five-dimensional spheres},
   JOURNAL = {J. Differential Geom.},
  FJOURNAL = {Journal of Differential Geometry},
    VOLUME = {58},
      YEAR = {2001},
    NUMBER = {1},
     PAGES = {87--111},
      ISSN = {0022-040X},
     CODEN = {JDGEAS},
   MRCLASS = {58J53},
  MRNUMBER = {1895349},
MRREVIEWER = {Ruth Gornet},
       URL = {http://projecteuclid.org/euclid.jdg/1090348283},
}
		
@article {LMR,
    AUTHOR = {Lauret, E.~ A. and Miatello, R.~J. and Rossetti, J-
              P.},
     TITLE = {Spectra of lens spaces from 1-norm spectra of congruence
              lattices},
   JOURNAL = {Int. Math. Res. Not. IMRN},
  FJOURNAL = {International Mathematics Research Notices. IMRN},
      YEAR = {2016},
    NUMBER = {4},
     PAGES = {1054--1089},
      ISSN = {1073-7928},
   MRCLASS = {58J50 (58J53)},
  MRNUMBER = {3493442},
       DOI = {10.1093/imrn/rnv159},
       URL = {http://dx.doi.org/10.1093/imrn/rnv159},
}
@article {H,
    AUTHOR = {Hassannezhad, A.},
     TITLE = {Conformal upper bounds for the eigenvalues of the {L}aplacian
              and {S}teklov problem},
   JOURNAL = {J. Funct. Anal.},
  FJOURNAL = {Journal of Functional Analysis},
    VOLUME = {261},
      YEAR = {2011},
    NUMBER = {12},
     PAGES = {3419--3436},
      ISSN = {0022-1236},
     CODEN = {JFUAAW},
   MRCLASS = {58J50 (35J05 35P15 35R01)},
  MRNUMBER = {2838029},
MRREVIEWER = {Julian Edward},
       DOI = {10.1016/j.jfa.2011.08.003},
       URL = {http://dx.doi.org/10.1016/j.jfa.2011.08.003},
}
@article {Parz,
    AUTHOR = {Parzanchevski, O.},
     TITLE = {On {$G$}-sets and isospectrality},
   JOURNAL = {Ann. Inst. Fourier (Grenoble)},
  FJOURNAL = {Universit\'e de Grenoble. Annales de l'Institut Fourier},
    VOLUME = {63},
      YEAR = {2013},
    NUMBER = {6},
     PAGES = {2307--2329},
      ISSN = {0373-0956},
   MRCLASS = {58J53 (58D19)},
  MRNUMBER = {3237449},
MRREVIEWER = {Emily B. Dryden},
       URL = {http://aif.cedram.org/item?id=AIF_2013__63_6_2307_0},
}
@article {CG14,
    AUTHOR = {Colbois, B. and Girouard, A.},
     TITLE = {The spectral gap of graphs and {S}teklov eigenvalues on
              surfaces},
   JOURNAL = {Electron. Res. Announc. Math. Sci.},
  FJOURNAL = {Electronic Research Announcements in Mathematical Sciences},
    VOLUME = {21},
      YEAR = {2014},
     PAGES = {19--27},
      ISSN = {1935-9179},
   MRCLASS = {58J50 (35P15)},
  MRNUMBER = {3181630},
MRREVIEWER = {Bin Qian},
       DOI = {10.3934/era.2014.21.19},
       URL = {http://dx.doi.org/10.3934/era.2014.21.19},
}
@article {CEG,
    AUTHOR = {Colbois, B. and El Soufi, A. and Girouard, A.},
     TITLE = {Isoperimetric control of the {S}teklov spectrum},
   JOURNAL = {J. Funct. Anal.},
  FJOURNAL = {Journal of Functional Analysis},
    VOLUME = {261},
      YEAR = {2011},
    NUMBER = {5},
     PAGES = {1384--1399},
      ISSN = {0022-1236},
     CODEN = {JFUAAW},
   MRCLASS = {35R01 (35J25 35P15 49R05 58J32)},
  MRNUMBER = {2807105},
MRREVIEWER = {Pierpaolo Esposito},
       DOI = {10.1016/j.jfa.2011.05.006},
       URL = {http://dx.doi.org/10.1016/j.jfa.2011.05.006},
}

@article {Ed,
    AUTHOR = {Edward, J.},
     TITLE = {An inverse spectral result for the {N}eumann operator on
              planar domains},
   JOURNAL = {J. Funct. Anal.},
  FJOURNAL = {Journal of Functional Analysis},
    VOLUME = {111},
      YEAR = {1993},
    NUMBER = {2},
     PAGES = {312--322},
      ISSN = {0022-1236},
     CODEN = {JFUAAW},
   MRCLASS = {58G26 (35P20 47F05 58G25)},
  MRNUMBER = {1203456},
MRREVIEWER = {Stig I. Andersson},
       DOI = {10.1006/jfan.1993.1015},
       URL = {http://dx.doi.org/10.1006/jfan.1993.1015},
}


@article {Satake56,
    AUTHOR = {Satake, I.},
     TITLE = {On a generalization of the notion of manifold},
   JOURNAL = {Proc. Nat. Acad. Sci. U.S.A.},
  FJOURNAL = {Proceedings of the National Academy of Sciences of the United
              States of America},
    VOLUME = {42},
      YEAR = {1956},
     PAGES = {359--363},
      ISSN = {0027-8424},
   MRCLASS = {55.0X},
  MRNUMBER = {0079769},
MRREVIEWER = {H. Samelson},
}

@article {Satake57,
    AUTHOR = {Satake, I.},
     TITLE = {The {G}auss-{B}onnet theorem for {$V$}-manifolds},
   JOURNAL = {J. Math. Soc. Japan},
  FJOURNAL = {Journal of the Mathematical Society of Japan},
    VOLUME = {9},
      YEAR = {1957},
     PAGES = {464--492},
      ISSN = {0025-5645},
   MRCLASS = {53.00},
  MRNUMBER = {0095520},
MRREVIEWER = {C. B. Allendoerfer},
}

@article {Weil,
    AUTHOR = {Weilandt, M.},
     TITLE = {Isospectral metrics on weighted projective spaces},
   JOURNAL = {New York J. Math.},
  FJOURNAL = {New York Journal of Mathematics},
    VOLUME = {18},
      YEAR = {2012},
     PAGES = {421--449},
      ISSN = {1076-9803},
   MRCLASS = {58J53 (53C20 57R18 58J50)},
  MRNUMBER = {2946114},
MRREVIEWER = {Emily B. Dryden},
       URL = {http://nyjm.albany.edu:8000/j/2012/18_421.html},
}	

@article {sun,
    AUTHOR = {Sunada, T.},
     TITLE = {Riemannian coverings and isospectral manifolds},
   JOURNAL = {Ann. of Math. (2)},
  FJOURNAL = {Annals of Mathematics. Second Series},
    VOLUME = {121},
      YEAR = {1985},
    NUMBER = {1},
     PAGES = {169--186},
      ISSN = {0003-486X},
     CODEN = {ANMAAH},
   MRCLASS = {58G25 (11F72 53C20 57M99)},
  MRNUMBER = {782558},
MRREVIEWER = {Scott Wolpert},
       DOI = {10.2307/1971195},
       URL = {http://dx.doi.org/10.2307/1971195},
}

@article {Su10,
    AUTHOR = {Sutton, Craig J.},
     TITLE = {Equivariant isospectrality and {S}unada's method},
   JOURNAL = {Arch. Math. (Basel)},
  FJOURNAL = {Archiv der Mathematik},
    VOLUME = {95},
      YEAR = {2010},
    NUMBER = {1},
     PAGES = {75--85},
      ISSN = {0003-889X},
     CODEN = {ACVMAL},
   MRCLASS = {58J53 (57R18 58J50)},
  MRNUMBER = {2671240},
MRREVIEWER = {Emily B. Dryden},
       DOI = {10.1007/s00013-010-0139-8},
       URL = {http://dx.doi.org/10.1007/s00013-010-0139-8},
}

@article {Wu,
    AUTHOR = {Wu, L.-F.},
     TITLE = {The {R}icci flow on {$2$}-orbifolds with positive curvature},
   JOURNAL = {J. Differential Geom.},
  FJOURNAL = {Journal of Differential Geometry},
    VOLUME = {33},
      YEAR = {1991},
    NUMBER = {2},
     PAGES = {575--596},
      ISSN = {0022-040X},
     CODEN = {JDGEAS},
   MRCLASS = {53C21 (35K55 58E11 58G11 58G30)},
  MRNUMBER = {1094470},
MRREVIEWER = {Dennis M. DeTurck},
       URL = {http://projecteuclid.org/euclid.jdg/1214446331},
}

@book {Sh,
    AUTHOR = {Shubin, M. A.},
     TITLE = {Pseudodifferential operators and spectral theory},
    SERIES = {Springer Series in Soviet Mathematics},
      NOTE = {Translated from the Russian by Stig I. Andersson},
 PUBLISHER = {Springer-Verlag, Berlin},
      YEAR = {1987},
     PAGES = {x+278},
      ISBN = {3-540-13621-5},
   MRCLASS = {47G05 (35Pxx 35Sxx)},
  MRNUMBER = {883081},
       DOI = {10.1007/978-3-642-96854-9},
       URL = {http://dx.doi.org/10.1007/978-3-642-96854-9},
}

@article {LassasUhlmann,
    AUTHOR = {Lassas, Matti and Uhlmann, Gunther},
     TITLE = {On determining a {R}iemannian manifold from the
              {D}irichlet-to-{N}eumann map},
   JOURNAL = {Ann. Sci. \'Ecole Norm. Sup. (4)},
  FJOURNAL = {Annales Scientifiques de l'\'Ecole Normale Sup\'erieure. Quatri\`eme
              S\'erie},
    VOLUME = {34},
      YEAR = {2001},
    NUMBER = {5},
     PAGES = {771--787},
      ISSN = {0012-9593},
   MRCLASS = {58J32},
  MRNUMBER = {1862026},
MRREVIEWER = {Yongzhi Xu},
       DOI = {10.1016/S0012-9593(01)01076-X},
       URL = {http://dx.doi.org/10.1016/S0012-9593(01)01076-X},
}
