@book{Hatcher,
  added-at = {2010-10-02T18:22:22.000+0200},
  author = {Hatcher, A.},
  biburl = {https://www.bibsonomy.org/bibtex/26d4346763566a8c8da54e846032917d5/brouder},
  interhash = {bae269cbc32d229b7edf271a92098122},
  intrahash = {6d4346763566a8c8da54e846032917d5},
  keywords = {imported},
  note = {http://www.math.cornell.edu/\~{}hatcher},
  timestamp = {2010-10-02T18:22:26.000+0200},
  title = {Vector Bundles and K-Theory},
  year = 2003
}

@book{atiyah,
  title={K-theory},
  author={Atiyah, M.},
  isbn={9780429973178},
  url={https://books.google.com/books?id=f1NPDwAAQBAJ},
  year={2018},
  publisher={CRC Press}
}