@article {orb,
    AUTHOR = {Sanyal, Raman and Sottile, Frank and Sturmfels, Bernd},
     TITLE = {Orbitopes},
   JOURNAL = {Mathematika},
  FJOURNAL = {Mathematika. A Journal of Pure and Applied Mathematics},
    VOLUME = {57},
      YEAR = {2011},
    NUMBER = {2},
     PAGES = {275--314},
      ISSN = {0025-5793},
   MRCLASS = {52A05 (14P10 20G05 22C05 52B15 90C22)},
  MRNUMBER = {2825238},
MRREVIEWER = {Alexander I. Barvinok},
       DOI = {10.1112/S002557931100132X},
       URL = {https://doi.org/10.1112/S002557931100132X},
   }
@article {co_orb,
    AUTHOR = {Biliotti, Leonardo and Ghigi, Alessandro and Heinzner, Peter},
     TITLE = {Coadjoint orbitopes},
   JOURNAL = {Osaka J. Math.},
  FJOURNAL = {Osaka Journal of Mathematics},
    VOLUME = {51},
      YEAR = {2014},
    NUMBER = {4},
     PAGES = {935--968},
      ISSN = {0030-6126},
   MRCLASS = {17B08 (22E46 52B05)},
  MRNUMBER = {3273872},
MRREVIEWER = {Alexander I. Barvinok},
       URL = {http://projecteuclid.org/euclid.ojm/1414761906},
   }
